@ARTICLE{algoprim,
  author={Prim, R. C.},
  journal={The Bell System Technical Journal}, 
  title={Shortest connection networks and some generalizations}, 
  year={1957},
  volume={36},
  number={6},
  pages={1389-1401},
  doi={10.1002/j.1538-7305.1957.tb01515.x}}


